<record><leader>00000cas a22000007a 4500</leader><controlfield tag="001">23246110</controlfield><controlfield tag="008">910314d19231924mausr ne      0    0por d</controlfield><datafield ind1=" " ind2=" " tag="010"><subfield code="a">sn 90065089 </subfield></datafield><datafield ind1=" " ind2=" " tag="040"><subfield code="a">YOX</subfield><subfield code="c">YOX</subfield><subfield code="d">OCLCQ</subfield><subfield code="d">KRTAS</subfield></datafield><datafield ind1=" " ind2=" " tag="043"><subfield code="a">n-us---</subfield><subfield code="a">n-us-ma</subfield></datafield><datafield ind1="0" ind2=" " tag="130"><subfield code="a">Thalassa (New Bedford, Mass.)</subfield></datafield><datafield ind1="1" ind2="2" tag="245"><subfield code="a">O Thalassa.</subfield></datafield><datafield ind1=" " ind2=" " tag="260"><subfield code="a">New Bedford, Mass. :</subfield><subfield code="b">Centro Monarchico Portuguez</subfield></datafield><datafield ind1=" " ind2=" " tag="300"><subfield code="a">v.</subfield></datafield><datafield ind1=" " ind2=" " tag="310"><subfield code="a">Semimonthly</subfield></datafield><datafield ind1="0" ind2=" " tag="362"><subfield code="a">1 Anno, no. (28 de Julho de 1923)-Anno. 2, no. 27 (8 de Agosto de 1924).</subfield></datafield><datafield ind1=" " ind2=" " tag="550"><subfield code="a">&quot;Orga&#771;o do Centro Monarchico Portuguez de New Bedford, Mass.&quot;</subfield></datafield><datafield ind1=" " ind2="0" tag="650"><subfield code="a">Portuguese</subfield><subfield code="z">United States</subfield><subfield code="v">Newspapers.</subfield></datafield><datafield ind1=" " ind2="0" tag="650"><subfield code="a">Portuguese Americans</subfield><subfield code="v">Newspapers.</subfield></datafield><datafield ind1=" " ind2="0" tag="651"><subfield code="a">New Bedford (Mass.)</subfield><subfield code="v">Newspapers.</subfield></datafield><datafield ind1="2" ind2=" " tag="710"><subfield code="a">Centro Monarchico Portuguez.</subfield></datafield><datafield ind1=" " ind2=" " tag="752"><subfield code="a">United States</subfield><subfield code="b">Massachussetts</subfield><subfield code="c">Bristol</subfield><subfield code="d">New Bedford.</subfield></datafield><datafield ind1="0" ind2="0" tag="785"><subfield code="t">Restaurac&#807;a&#771;o</subfield><subfield code="w">(DLC)sn 90065090</subfield></datafield><datafield ind1=" " ind2=" " tag="938"><subfield code="a">Kirtas Technologies, Inc.</subfield><subfield code="b">KRTS</subfield><subfield code="n">740436</subfield></datafield></record>